@article{王璐莹2018,
  title={铁促进土壤有机碳累积作用研究进展},
  author={王璐莹 and 秦雷 and 吕宪国 and 姜明 and 邹元春 and others},
  journal={土壤学报},
  volume={55},
  number={5},
  pages={1041--1050},
  year={2018}
}


@article{刘永红2006,
  title={铁氧化物的合成及其表征},
  author={刘永红 and 叶发兵 and 岳霞丽 and 董元彦},
  journal={化学与生物工程},
  volume={23},
  number={7},
  pages={10--12},
  year={2006}
}

@article{吴思源2012,
  title={制备条件对合成针铁矿的影响},
  author={吴思源 and 练有为 and 郑红 and 蔡鹏 and 濮玉兵},
  journal={环境化学},
  volume={31},
  number={10},
  pages={1625--1630},
  year={2012}
}

@article{rakhsh2017,
  title={Effects of exchangeable cations, mineralogy and clay content on the mineralization of plant residue carbon},
  author={Rakhsh, Fatemeh and Golchin, Ahmad and Al Agha, Ali Beheshti and Alamdari, Parisa},
  journal={Geoderma},
  volume={307},
  pages={150--158},
  year={2017},
  publisher={Elsevier}
}

@book{schwertmann2008,
  title={Iron oxides in the laboratory: preparation and characterization},
  author={Schwertmann, Udo and Cornell, Rochelle M},
  year={2008},
  publisher={John Wiley \& Sons}
}

@article{rakhsh2020,
  title={Mineralization of organic carbon and formation of microbial biomass in soil: Effects of clay content and composition and the mechanisms involved},
  author={Rakhsh, Fatemeh and Golchin, Ahmad and Al Agha, Ali Beheshti and Nelson, Paul N},
  journal={Soil Biology and Biochemistry},
  volume={151},
  pages={108036},
  year={2020},
  publisher={Elsevier}
}

@article{saidy2012,
  title={Effects of clay mineralogy and hydrous iron oxides on labile organic carbon stabilisation},
  author={Saidy, Akhmad Rizali and Smernik, RJ and Baldock, JA and Kaiser, K and Sanderman, Jonathan and Macdonald, LM},
  journal={Geoderma},
  volume={173},
  pages={104--110},
  year={2012},
  publisher={Elsevier}
}

@article{cai2022,
  title={Assessing the accumulation efficiency of various microbial carbon components in soils of different minerals},
  author={Cai, Yue and Ma, Tian and Wang, Yiyun and Jia, Juan and Jia, Yufu and Liang, Chao and Feng, Xiaojuan},
  journal={Geoderma},
  volume={407},
  pages={115562},
  year={2022},
  publisher={Elsevier}
}

